<?xml version="1.0" encoding="UTF-8"?><record xmlns="http://www.loc.gov/MARC21/slim" xmlns:cinclude="http://apache.org/cocoon/include/1.0" xmlns:zs="http://www.loc.gov/zing/srw/">
  <leader>00387nz  a2200121n  4500</leader>
  <controlfield tag="001">n 2011025427</controlfield>
  <controlfield tag="003">DLC</controlfield>
  <controlfield tag="005">20110415075040.0</controlfield>
  <controlfield tag="008">110414n| acannaabn          |n ana      </controlfield>
  <datafield tag="010" ind1=" " ind2=" ">
    <subfield code="a">n 2011025427</subfield>
  </datafield>
  <datafield tag="040" ind1=" " ind2=" ">
    <subfield code="a">DLC</subfield>
    <subfield code="b">eng</subfield>
    <subfield code="c">DLC</subfield>
  </datafield>
  <datafield tag="110" ind1="2" ind2=" ">
    <subfield code="a">Zukunft Metropolregion Rhein-Neckar e.V.</subfield>
  </datafield>
  <datafield tag="670" ind1=" " ind2=" ">
    <subfield code="a">Archive in der Metropolregion Rhein-Neckar, c2007:</subfield>
    <subfield code="b">t.p. verso (Zukunft Metropolregion Rhein-Neckar e.V.)</subfield>
  </datafield>
</record>